% Encoding: UTF-8

@Misc{201,
	author       = {Wikipedia.},
	title        = {Mobile Robots},
	howpublished = {https://en.wikipedia.org/wiki/Mobile\_robot},
	month        = {Jan},
	year         = {2015}
}


@TechReport{,
  author      = {David Linke},
  title       = {Two-Wheel Self Balancing Robot},
  institution = {Worcester Polytechnic Institute},
  year        = {2011},
}

@TechReport{,
  author      = {Rich Chi Ooi},
  title       = {Balancing a Two-Wheeled Autonomous Robot},
  institution = {The University of Western Australia School of Mechanical Engineering},
  year        = {2003},
}

@Manual{101,
  title        = {DC Geared Motor "SG555123000-20K"},
  organization = {Ram shop},
  address      = {32 El Falky St. Bab El Louk, El Tahreer, Cairo, Egypt.},
  url          = { http://ram-e-shop.com/oscmax/catalog/contact_us.php},
}

@Manual{103,
  title = {L298 Dual H-Bridge Motor Driver Userâ€™s Guide},
}

@Misc{,
  author       = {Arduino website},
  title        = {MPU-6050 Accelerometer + Gyro},
  howpublished = {http://playground.arduino.cc/Main/MPU-6050},
  note         = {Online; accessed 1-July-2016},
}

@MastersThesis{,
  author = {chirstian sudndin},
  title  = {Autonomous balancing robot Design costruction of balancing robot},
  school = {CHAMERS UNIVERSTY OF TECHNOLOGY},
  year   = {2012},
}

@Misc{,
  author       = {hobbytronics},
  title        = {Accelerometer and Gyro Integration},
  howpublished = {http://www.hobbytronics.co.uk/accelerometer-gyro},
  note         = {Online; accessed 1-July-2016},
}

@TechReport{,
  author = {Shane Colton},
  title  = {The Balance Filter},
  year   = {2007.},
}

@Misc{,
  author       = {national instruments website},
  title        = {Encoder Measurements: How-To Guide},
  howpublished = {http://www.ni.com/tutorial/7109/en/},
  month        = {aug},
  year         = {2013},
}

@Misc{,
  author       = {Wikipedia},
  title        = {Lithium polymer battery},
  howpublished = {https://en.wikipedia.org/wiki/Lithium_polymer_battery},
  month        = {dec},
  year         = {2010},
}

@Misc{7,
  author       = {Control Tutorials website},
  title        = {DC Motor Position: System Analysis},
  howpublished = {http://ctms.engin.umich.edu/CTMS/index.php?example=MotorPosition\&section=SystemAnalysis},
  month        = {jul},
  year         = {2014},
}

@Misc{5,
  author       = {raspberry pi website},
  title        = {WHAT IS A RASPBERRY PI?},
  howpublished = {https://www.raspberrypi.org/help/what-is-a-raspberry-pi/},
}

@Misc{gpio,
}

@TechReport{10,
  author      = {Kimberly Tuck},
  title       = {Tilt Sensing Using Linear Accelerometers},
  institution = {Tempe, AZ},
  year        = {2007},
}

@TechReport{66,
  author      = {Apurva Bhardwaj , Iti Goyal , Meenakshi},
  title       = {SELF BALANCING ROBOT},
  institution = {Mody Institute of Technology And Scince},
  year        = {2009},
  type        = {final report},
}




@Comment{jabref-meta: databaseType:bibtex;}
